@book{Maurits2023,
  author    = {Maurits, Natasha},
  title     = {Math for Scientists: Refreshing the Essentials},
  year      = {2023},
  publisher = {Springer International Publishing},
  address   = {Cham},
  isbn      = {978-3-031-44140-0},
  doi       = {10.1007/978-3-031-44140-0},
  url       = {https://doi.org/10.1007/978-3-031-44140-0}
}

@book{Halmos1974,
  author    = {Halmos, Paul R.},
  title     = {Naive Set Theory},
  year      = {1974},
  publisher = {Springer New York},
  address   = {New York, NY},
  isbn      = {978-1-4757-1645-0},
  doi       = {10.1007/978-1-4757-1645-0},
  url       = {https://doi.org/10.1007/978-1-4757-1645-0}
}

@book{Klamkin1990,
  author    = {Klamkin, Murray S.},
  editor    = {Murray S. Klamkin},
  title     = {Problems in Applied Mathematics: Selections from SIAM Review},
  publisher = {Society for Industrial and Applied Mathematics},
  year      = {1990},
  doi       = {10.1137/1.9781611971729},
}
