@book{feruglio1997,
  title     = {Composición de textos científicos con \LaTeX},
  author    = {Valiente Feruglio, Gabriel Alejandro},
  isbn      = {9788498800517},
  address   = {Bogotá, Colombia},
  year      = {2001},
  publisher = {Alfaomega; Universidad Politécnica de Catalunya}
}

@online{Lees2024,
  author  = {John Lees-Miller},
  title   = {\texttt{latex-course}: An interactive introduction to \LaTeX{} using Overleaf},
  url     = {https://github.com/jdleesmiller/latex-course},
  urldate = {2025-07-28}
}

@book{Lamport1994,
  title     = {\LaTeX: A Document Preparation System: User's Guide and Reference Manual},
  author    = {Lamport, Leslie B.},
  isbn      = {0-201-52983-1},
  edition   = {2},
  year      = {1994},
  place     = {Reading, MA, USA},
  publisher = {Addison-Wesley Professional}
}

@online{LaTeX40,
  author  = {\LaTeX{} Project Team},
  title   = {\LaTeX{} News: Issue 40},
  url     = {https://www.latex-project.org/news/latex2e-news/ltnews40.pdf},
  urldate = {2025-07-28}
}

@online{Ikhlef2025,
  author  = {Amandine Thais and Razik Ikhlef},
  title   = {Formation \LaTeX{} à destination des enseignants de mathématiques et de sciences physiques du secondaire},
  url     = {https://learnlatex.edulatex.xyz},
  urldate = {2025-07-28}
}

@phdthesis{Thành2000,
  author  = {Hàn Thế Thành},
  title   = {Micro-typographic extensions to the \TeX{} typesetting system},
  school  = {Masaryk University},
  year    = {2000},
}
