@book{feruglio1997,
  title     = {Composición de textos científicos con \LaTeX},
  author    = {Valiente Feruglio, Gabriel Alejandro},
  isbn      = {9788498800517},
  address   = {Bogotá, Colombia},
  year      = {2001},
  publisher = {Alfaomega; Universidad Politécnica de Catalunya}
}

@online{Lees2024,
  author  = {John Lees-Miller},
  title   = {\texttt{latex-course}: An interactive introduction to \LaTeX{} using Overleaf},
  url     = {https://github.com/jdleesmiller/latex-course},
  urldate = {2025-07-28}
}

@book{Voss2011,
  title     = {Typesetting Tables with \LaTeX},
  author    = {Herbert Voss},
  publisher = {UIT Cambridge Ltd},
  isbn      = {9781906860257},
  year      = {2011}
}
@book{Kottwitz2023,
  title     = {\LaTeX{} Graphics with TikZ: A practitioner's guide to drawing 2D and 3D images, diagrams, charts, and plots},
  author    = {Stefan Kottwitz},
  publisher = {Packt Publishing},
  isbn      = {9781804618233},
  year      = {2023},
  edition   = {1}
}

@book{Korgi2003,
  title     = {El universo \LaTeX},
  author    = {Korgi, Rodrigo De Castro},
  year      = {2003},
  edition   = {2},
  publisher = {Universidad Nacional de Colombia}
}

@online{AMS2025,
  author  = {American Mathematical Society},
  title   = {\AmS-\LaTeX},
  url     = {https://www.ams.org/arc/resources/amslatex-about.html},
  urldate = {2025-07-28}
}
